<?xml version="1.0" encoding="UTF-8"?><collection xmlns="http://www.loc.gov/MARC21/slim"><record><leader>00656nam--2200181-i-4500</leader><controlfield tag="001">000033217</controlfield><controlfield tag="002">20161230</controlfield><controlfield tag="005">20161230201039</controlfield><controlfield tag="008">060222s1000------------r-----000-0-fre-d</controlfield><datafield ind1=" " ind2=" " tag="040"><subfield code="a">IFIN-HH</subfield></datafield><datafield ind1=" " ind2=" " tag="041"><subfield code="a">fre</subfield></datafield><datafield ind1=" " ind2=" " tag="080"><subfield code="a">535.81(043)</subfield></datafield><datafield ind1="1" ind2=" " tag="100"><subfield code="a">Moller, Peter Achim</subfield></datafield><datafield ind1="1" ind2="0" tag="245"><subfield code="a">Etude theorique et experimentale de systemes optiques a matrice de transfert unite, formes de lentilles quadrupolaires octopopaires. application a la correction de l`aberration d`ouverture de lentilles rondes</subfield><subfield code="b">These</subfield><subfield code="c">Peter achim moller</subfield></datafield><datafield ind1=" " ind2=" " tag="260"><subfield code="a">Orsay</subfield><subfield code="b">Univiverte De Paris-sud</subfield><subfield code="c">1974</subfield></datafield><datafield ind1=" " ind2=" " tag="300"><subfield code="a">79P.+ 45 FIG</subfield></datafield><datafield ind1=" " ind2=" " tag="852"><subfield code="a">43345</subfield><subfield code="c">535</subfield></datafield><datafield ind1=" " ind2=" " tag="CAT"><subfield code="a">Sys</subfield><subfield code="c">20110120</subfield><subfield code="h">085530</subfield></datafield></record></collection>